@Book{efron2016,
  title = {Computer Age Statistical Inference: Algorithms, Evidence, and Data Science},
  shorttitle = {Computer Age Statistical Inference},
  author = {Bradley Efron and Trevor Hastie},
  year = {2016},
  publisher = {{Cambridge University Press}},
  address = {{New York, NY}},
  isbn = {978-1-107-14989-2},
  keywords = {Data processing,Mathematical statistics},
  lccn = {QA276.4 .E376 2016},
  series = {Institute of {{Mathematical Statistics}} Monographs},
}
@Article{peters2014,
  title = {Harnessing the Power of Big Data: Infusing the Scientific Method with Machine Learning to Transform Ecology},
  shorttitle = {Harnessing the Power of Big Data},
  author = {Debra P. C. Peters and Kris M. Havstad and Judy Cushing and Craig Tweedie and Olac Fuentes and Natalia Villanueva-Rosales},
  year = {2014},
  volume = {5},
  pages = {art67},
  issn = {2150-8925},
  doi = {10.1890/ES13-00359.1},
  copyright = {Copyright: \textcopyright{} 2014 Peters et al.},
  file = {/Users/danovan/Google Drive/references/Peters et al. - 2014 - Harnessing the power of big data infusing the sci.pdf;/Users/danovan/Zotero/storage/27I2DFL4/ES13-00359.html},
  journal = {Ecosphere},
  keywords = {analytics,data deluge,long-term data,machine learning,open data,paradigm shifts},
  language = {en},
  number = {6},
}
@Article{steiner2011,
  title = {Balancing {{Biological Sustainability}} with the {{Economic Needs}} of {{Alaska}}'s {{Sockeye Salmon Fisheries}}},
  author = {Erin M. Steiner and Keith R. Criddle and Milo D. Adkison},
  year = {2011},
  volume = {31},
  pages = {431--444},
  issn = {1548-8675},
  doi = {10.1080/02755947.2011.588917},
  copyright = {\textcopyright{} 2011 American Fisheries Society},
  file = {/Users/danovan/Zotero/storage/3FFTTBHY/02755947.2011.html},
  journal = {North American Journal of Fisheries Management},
  language = {en},
  number = {3},
}
@TechReport{knapp2013,
  title = {The {{Economic Importance}} of {{theBristol Bay Salmon Industry}}},
  author = {Gunnar Knapp and Guetttabi Mouhcine and Scott Goldsmith},
  year = {2013},
  address = {{University of Alaska Anchorage}},
  institution = {{Institute of Social and Economic Research}},
}
@Article{naiman2002,
  title = {Pacific {{Salmon}}, {{Nutrients}}, and the {{Dynamics}} of {{Freshwater}} and {{Riparian Ecosystems}}},
  author = {Robert J. Naiman and Robert E. Bilby and Daniel E. Schindler and James M. Helfield},
  year = {2002},
  month = {jun},
  volume = {5},
  pages = {399--417},
  issn = {1432-9840},
  doi = {10.1007/s10021-001-0083-3},
  file = {/Users/danovan/Google Drive/references/Naiman et al. - 2002 - Pacific Salmon, Nutrients, and the Dynamics of Fre.pdf},
  journal = {Ecosystems},
  language = {en},
  number = {4},
}

@Article{schindler2003,
  title = {Pacific Salmon and the Ecology of Coastal Ecosystems},
  author = {Daniel E. Schindler and Mark D. Scheuerell and Jonathan W. Moore and Scott M. Gende and Tessa B. Francis and Wendy J. Palen},
  year = {2003},
  volume = {1},
  pages = {31--37},
  issn = {1540-9309},
  doi = {10.1890/1540-9295(2003)001[0031:PSATEO]2.0.CO;2},
  copyright = {\textcopyright{} The Ecological Society of America},
  file = {/Users/danovan/Google Drive/references/Schindler et al. - 2003 - Pacific salmon and the ecology of coastal ecosyste.pdf;/Users/danovan/Zotero/storage/HKL9CJGQ/1540-9295(2003)001[0031PSATEO]2.0.html},
  journal = {Frontiers in Ecology and the Environment},
  language = {en},
  number = {1},
}
@Article{cunningham2019,
  title = {A Management Strategy Evaluation of the Commercial Sockeye Salmon Fishery in {{Bristol Bay}}, {{Alaska}}},
  author = {Curry J. Cunningham and Christopher M. Anderson and Jocelyn Yun-Ling Wang and Michael Link and Ray Hilborn},
  year = {2019},
  month = {sep},
  volume = {76},
  pages = {1669--1683},
  issn = {0706-652X, 1205-7533},
  doi = {10.1139/cjfas-2018-0133},
  journal = {Canadian Journal of Fisheries and Aquatic Sciences},
  language = {en},
  number = {9},
}
@Article{beyan2020,
  title = {Setting the Stage for the Machine Intelligence Era in Marine Science},
  author = {Cigdem Beyan and Howard I. Browman},
  year = {2020},
  month = {jul},
  volume = {77},
  pages = {1267--1273},
  publisher = {{Oxford Academic}},
  issn = {1054-3139},
  doi = {10.1093/icesjms/fsaa084},
  file = {/Users/danovan/Zotero/storage/DJVA7FPJ/Beyan and Browman - 2020 - Setting the stage for the machine intelligence era.pdf;/Users/danovan/Zotero/storage/CRE46VFH/5859738.html},
  journal = {ICES Journal of Marine Science},
  language = {en},
  number = {4},
}

@Article{malde2020,
  title = {Machine Intelligence and the Data-Driven Future of Marine Science},
  author = {Ketil Malde and Nils Olav Handegard and Line Eikvil and Arnt-B{\o}rre Salberg},
  year = {2020},
  month = {jul},
  volume = {77},
  pages = {1274--1285},
  publisher = {{Oxford Academic}},
  issn = {1054-3139},
  doi = {10.1093/icesjms/fsz057},
  file = {/Users/danovan/Google Drive/references/Malde et al. - 2020 - Machine intelligence and the data-driven future of.pdf;/Users/danovan/Zotero/storage/GXEHSQ7X/5457719.html},
  journal = {ICES Journal of Marine Science},
  language = {en},
  number = {4},
}
@Article{connors2020,
  title = {Climate and Competition Influence Sockeye Salmon Population Dynamics across the {{Northeast Pacific Ocean}}},
  author = {Brendan Connors and Michael J. Malick and Gregory T. Ruggerone and Pete Rand and Milo Adkison and James R. Irvine and Robert Campbell and Kristen Gorman},
  year = {2020},
  month = {may},
  publisher = {{NRC Research Press 1840 Woodward Drive, Suite 1, Ottawa, ON K2C 0P7}},
  doi = {10.1139/cjfas-2019-0422},
  file = {/Users/danovan/Google Drive/references/Connors et al. - 2020 - Climate and competition influence sockeye salmon p.pdf;/Users/danovan/Zotero/storage/QDPU53RZ/full.html},
  journal = {Canadian Journal of Fisheries and Aquatic Sciences},
  language = {en},
}
@Article{hyndman2006,
  title = {Another Look at Measures of Forecast Accuracy},
  author = {Rob J. Hyndman and Anne B. Koehler},
  year = {2006},
  month = {oct},
  volume = {22},
  pages = {679--688},
  issn = {0169-2070},
  doi = {10.1016/j.ijforecast.2006.03.001},
  file = {/Users/danovan/Zotero/storage/VFRCFRLZ/Hyndman and Koehler - 2006 - Another look at measures of forecast accuracy.pdf;/Users/danovan/Zotero/storage/7UYICWJ6/S0169207006000239.html},
  journal = {International Journal of Forecasting},
  keywords = {Forecast accuracy,Forecast error measures,Forecast evaluation,M-competition,Mean absolute scaled error},
  language = {en},
  number = {4},
}
@Article{anderson2017a,
  title = {Improving Estimates of Population Status and Trend with Superensemble Models},
  author = {Sean C. Anderson and Andrew B. Cooper and Olaf P. Jensen and C{\a'o}il\'in Minto and James T. Thorson and Jessica C. Walsh and Jamie Afflerbach and Mark Dickey-Collas and Kristin M. Kleisner and Catherine Longo and Giacomo Chato Osio and Daniel Ovando and Iago Mosqueira and Andrew A. Rosenberg and Elizabeth R. Selig},
  year = {2017},
  month = {jul},
  volume = {18},
  pages = {732--741},
  issn = {1467-2979},
  doi = {10.1111/faf.12200},
  copyright = {Published 2017. This article is a US Government work and is in the public domain in the USA},
  file = {/Users/danovan/Google Drive/references/Anderson et al_2017_Improving estimates of population status and trend with superensemble models.pdf;/Users/danovan/Zotero/storage/P3NLTVA8/faf.html},
  journal = {Fish and Fisheries},
  keywords = {CMSY,data-limited fisheries,ensemble methods,multimodel averaging,population dynamics,sustainable resource management},
  language = {en},
  number = {4},
}

@Article{araujo2007,
  title = {Ensemble Forecasting of Species Distributions},
  author = {Miguel B. Ara{\a'u}jo and Mark New},
  year = {2007},
  month = {jan},
  volume = {22},
  pages = {42--47},
  issn = {0169-5347},
  doi = {10.1016/j.tree.2006.09.010},
  file = {/Users/danovan/Zotero/storage/NUI6JA87/Ara√∫jo and New - 2007 - Ensemble forecasting of species distributions.pdf;/Users/danovan/Zotero/storage/Z9QJ9JHM/S016953470600303X.html},
  journal = {Trends in Ecology \& Evolution},
  language = {en},
  number = {1},
}

@InProceedings{Dietterich2000,
  title = {Ensemble {{Methods}} in {{Machine Learning}}},
  booktitle = {Multiple {{Classifier Systems}}},
  author = {Thomas G. Dietterich},
  year = {2000},
  month = {jun},
  pages = {1--15},
  publisher = {{Springer, Berlin, Heidelberg}},
  doi = {10.1007/3-540-45014-9_1},
  file = {/Users/danovando/Papers and Projects/General Library/Reference Library/Dietterich - 2000 - Ensemble Methods in Machine Learning.pdf},
  language = {en},
}

  @Manual{chen2020,
    title = {xgboost: Extreme Gradient Boosting},
    author = {Tianqi Chen and Tong He and Michael Benesty and Vadim Khotilovich and Yuan Tang and Hyunsu Cho and Kailong Chen and Rory Mitchell and Ignacio Cano and Tianyi Zhou and Mu Li and Junyuan Xie and Min Lin and Yifeng Geng and Yutian Li},
    year = {2020},
    note = {R package version 1.1.1.1},
    url = {https://CRAN.R-project.org/package=xgboost},
  }
@Article{wright2017,
  title = {{\textbf{Ranger}} : {{A Fast Implementation}} of {{Random Forests}} for {{High Dimensional Data}} in {{{\emph{C}}}}{\emph{++}} and {{{\emph{R}}}}},
  shorttitle = {{\textbf{Ranger}}},
  author = {Marvin N. Wright and Andreas Ziegler},
  year = {2017},
  volume = {77},
  issn = {1548-7660},
  doi = {10.18637/jss.v077.i01},
  file = {/Users/danovan/Zotero/storage/IHPELCZ3/Wright and Ziegler - 2017 - brangerb  A Fast Implementation of Random Fo.pdf},
  journal = {Journal of Statistical Software},
  language = {en},
  number = {1},
}

@Article{wright2017,
  title = {Ranger: {{A Fast Implementation}} of {{Random Forests}} for {{High Dimensional Data}} in {{C}}++ and {{R}}},
  shorttitle = {Ranger},
  author = {Marvin N. Wright and Andreas Ziegler},
  year = {2017},
  month = {mar},
  volume = {77},
  pages = {1--17},
  issn = {1548-7660},
  doi = {10.18637/jss.v077.i01},
  copyright = {Copyright (c) 2017 Marvin N. Wright, Andreas Ziegler},
  journal = {Journal of Statistical Software},
  keywords = {C++,classification,machine learning,R,random forests,Rcpp,recursive partitioning,survival analysis},
  language = {en},
  number = {1},
}

@Manual{rcoreteam2020,
    title = {R: A Language and Environment for Statistical Computing},
    author = {{R Core Team}},
    organization = {R Foundation for Statistical Computing},
    address = {Vienna, Austria},
    year = {2020},
    url = {https://www.R-project.org/},
}
  
@Manual{allaire2020,
    title = {tensorflow: R Interface to 'TensorFlow'},
    author = {JJ Allaire and Yuan Tang},
    year = {2020},
    note = {R package version 2.2.0},
    url = {https://CRAN.R-project.org/package=tensorflow},
}
  
@Manual{allaire2020a,
    title = {keras: R Interface to 'Keras'},
    author = {JJ Allaire and Fran√ßois Chollet},
    year = {2020},
    note = {R package version 2.3.0.0},
    url = {https://CRAN.R-project.org/package=keras},
}
  
@Manual{holmes2020,
  title = {MARSS: Multivariate Autoregressive State-Space Modeling},
  author = {Elizabeth Holmes and Eric Ward and Mark Scheuerell and Kellie Wills},
  year = {2020},
  note = {R package version 3.10.12},
  url = {https://CRAN.R-project.org/package=MARSS},
}

@Article{holmes2012,
  title = {MARSS: Multivariate autoregressive state-space models for analyzing time-series data},
  author = {Elizabeth E. Holmes and Eric J. Ward and Kellie Wills},
  year = {2012},
  journal = {The R Journal},
  volume = {4},
  number = {1},
  pages = {30},
}
@Book{petris2009,
  title = {Dynamic Linear Models {{With R}}},
  author = {Giovanni Petris and Sonia Petrone and Patrizia Campagnoli},
  year = {2009},
  publisher = {{Springer}},
  address = {{Dordrecht ; New York}},
  isbn = {978-0-387-77237-0 978-0-387-77238-7},
  keywords = {Data processing,Linear models (Statistics),R (Computer program language),State-space methods},
  lccn = {QA276.45.R3 P48 2009},
  series = {Use {{R}}!},
}

@Book{pole1994,
  title = {Applied {{Bayesian}} Forecasting and Time Series Analysis},
  author = {Andy Pole and Mike West and Jeff Harrison},
  year = {1994},
  publisher = {{Chapman and Hall}},
  address = {{New York}},
  isbn = {978-0-412-04401-4},
  keywords = {Bayesian statistical decision theory,Social sciences,Statistical methods,Time-series analysis},
  lccn = {HA30.3 .P65 1994},
}

 @Manual{ye2020,
    title = {rEDM: Applications of Empirical Dynamic Modeling from Time Series},
    author = {Hao Ye and Adam Clark and Ethan Deyle and Steve Munch},
    year = {2020},
    note = {https://ha0ye.github.io/rEDM, https://github.com/ha0ye/rEDM},
  }
@Article{sugihara1990,
  title = {Nonlinear Forecasting as a Way of Distinguishing Chaos from Measurement Error in Time Series},
  author = {George Sugihara and Robert M. May},
  year = {1990},
  month = {apr},
  volume = {344},
  pages = {734--741},
  publisher = {{Nature Publishing Group}},
  issn = {1476-4687},
  doi = {10.1038/344734a0},
  copyright = {1990 Nature Publishing Group},
  file = {/Users/danovan/Zotero/storage/JW5J7REG/Sugihara and May - 1990 - Nonlinear forecasting as a way of distinguishing c.pdf;/Users/danovan/Zotero/storage/H686NGAF/344734a0.html},
  journal = {Nature},
  language = {en},
  number = {6268},
}

@InProceedings{takens1981,
  title = {Detecting Strange Attractors in Turbulence},
  booktitle = {Dynamical {{Systems}} and {{Turbulence}}, {{Warwick}} 1980},
  author = {Floris Takens},
  editor = {David Rand and Lai-Sang Young},
  year = {1981},
  pages = {366--381},
  publisher = {{Springer}},
  address = {{Berlin, Heidelberg}},
  doi = {10.1007/BFb0091924},
  isbn = {978-3-540-38945-3},
  keywords = {Compact Manifold,Hausdorff Dimension,Limit Capacity,Strange Attractor,Vector Field},
  language = {en},
  series = {Lecture {{Notes}} in {{Mathematics}}},
}
@Article{sugihara2012,
  ids = {sugihara2012a},
  title = {Detecting {{Causality}} in {{Complex Ecosystems}}},
  author = {George Sugihara and Robert May and Hao Ye and Chih-hao Hsieh and Ethan Deyle and Michael Fogarty and Stephan Munch},
  year = {2012},
  month = {oct},
  volume = {338},
  pages = {496--500},
  issn = {0036-8075, 1095-9203},
  doi = {10.1126/science.1227079},
  file = {/Users/danovando/Desktop/Bren/SFG Work/General Library/Reference Library/Sugihara et al2.pdf},
  journal = {Science},
  language = {en},
  number = {6106},
  pmid = {22997134},
}
@Article{ye2015,
  title = {Equation-Free Mechanistic Ecosystem Forecasting Using Empirical Dynamic Modeling},
  author = {Hao Ye and Richard J. Beamish and Sarah M. Glaser and Sue C. H. Grant and Chih-hao Hsieh and Laura J. Richards and Jon T. Schnute and George Sugihara},
  year = {2015},
  month = {mar},
  volume = {112},
  pages = {E1569-E1576},
  issn = {0027-8424, 1091-6490},
  doi = {10.1073/pnas.1417063112},
  file = {/Users/danovan/Google Drive/references/Ye et al. - 2015 - Equation-free mechanistic ecosystem forecasting us.pdf},
  journal = {Proceedings of the National Academy of Sciences},
  language = {en},
  number = {13},
}
@Article{munch2020,
  title = {Frequently Asked Questions about Nonlinear Dynamics and Empirical Dynamic Modelling},
  author = {Stephan B. Munch and Antoine Brias and George Sugihara and Tanya L. Rogers},
  year = {2020},
  month = {jul},
  volume = {77},
  pages = {1463--1479},
  publisher = {{Oxford Academic}},
  issn = {1054-3139},
  doi = {10.1093/icesjms/fsz209},
  file = {/Users/danovan/Google Drive/references/Munch et al. - 2020 - Frequently asked questions about nonlinear dynamic.pdf;/Users/danovan/Zotero/storage/FJBRW7EX/5643857.html},
  journal = {ICES Journal of Marine Science},
  language = {en},
  number = {4},
}
@Article{chang2017,
  title = {Empirical Dynamic Modeling for Beginners},
  author = {Chun-Wei Chang and Masayuki Ushio and Chih-hao Hsieh},
  year = {2017},
  month = {nov},
  volume = {32},
  pages = {785--796},
  issn = {1440-1703},
  doi = {10.1007/s11284-017-1469-9},
  file = {/Users/danovan/Google Drive/references/Chang et al. - 2017 - Empirical dynamic modeling for beginners.pdf},
  journal = {Ecological Research},
  language = {en},
  number = {6},
}
@Article{ruggerone2018,
  title = {Numbers and {{Biomass}} of {{Natural}}- and {{Hatchery}}-{{Origin Pink Salmon}}, {{Chum Salmon}}, and {{Sockeye Salmon}} in the {{North Pacific Ocean}}, 1925\textendash 2015},
  author = {Gregory T. Ruggerone and James R. Irvine},
  year = {2018},
  volume = {10},
  pages = {152--168},
  issn = {1942-5120},
  doi = {10.1002/mcf2.10023},
  copyright = {\textcopyright{} 2018 The Authors.},
  file = {/Users/danovan/Zotero/storage/SHTQ9HB3/Ruggerone and Irvine - 2018 - Numbers and Biomass of Natural- and Hatchery-Origi.pdf;/Users/danovan/Zotero/storage/G7TJPKP9/mcf2.html},
  journal = {Marine and Coastal Fisheries},
  language = {en},
  number = {2},
}
@Article{sugihara1994,
  title = {Nonlinear Forecasting for the Classification of Natural Time Series},
  author = {George Sugihara and Bryan Thomas Grenfell and Robert McCredie May and H. Tong},
  year = {1994},
  month = {sep},
  volume = {348},
  pages = {477--495},
  publisher = {{Royal Society}},
  doi = {10.1098/rsta.1994.0106},
  file = {/Users/danovan/Google Drive/references/Sugihara et al. - 1994 - Nonlinear forecasting for the classification of na.pdf;/Users/danovan/Zotero/storage/DIV8C5MY/rsta.1994.html},
  journal = {Philosophical Transactions of the Royal Society of London. Series A: Physical and Engineering Sciences},
  number = {1688},
}
